<record><leader>00000cas a22000007a 4500</leader><controlfield tag="001">10592695</controlfield><controlfield tag="008">840404d186u186uflu x ne      0    0eng d</controlfield><datafield ind1=" " ind2=" " tag="010"><subfield code="a">sn 84022791 </subfield></datafield><datafield ind1=" " ind2=" " tag="040"><subfield code="a">NPX</subfield><subfield code="b">eng</subfield><subfield code="c">NPX</subfield><subfield code="d">OCLCQ</subfield></datafield><datafield ind1=" " ind2=" " tag="042"><subfield code="a">msc</subfield></datafield><datafield ind1=" " ind2=" " tag="043"><subfield code="a">n-us-fl</subfield></datafield><datafield ind1="0" ind2="0" tag="245"><subfield code="a">Santa Rosa news boy.</subfield></datafield><datafield ind1=" " ind2=" " tag="260"><subfield code="a">Fort Pickens [i.e. Santa Rosa Island], Fla. :</subfield><subfield code="b">J. Edwin Nutt, J.L. Russell</subfield></datafield><datafield ind1=" " ind2=" " tag="300"><subfield code="a">v.</subfield></datafield><datafield ind1=" " ind2=" " tag="310"><subfield code="a">Irregular</subfield></datafield><datafield ind1=" " ind2=" " tag="500"><subfield code="a">Editor: George H. Ferguson, &lt;1863&gt;.</subfield></datafield><datafield ind1=" " ind2=" " tag="588"><subfield code="a">Description based on: Vol. 1, no. 2 (June 15, 1863).</subfield></datafield><datafield ind1="1" ind2=" " tag="700"><subfield code="a">Ferguson, George H.</subfield></datafield><datafield ind1=" " ind2=" " tag="752"><subfield code="a">United States</subfield><subfield code="b">Florida</subfield><subfield code="c">Pensacola</subfield><subfield code="d">Santa Rosa Island.</subfield></datafield><datafield ind1=" " ind2=" " tag="752"><subfield code="a">United States</subfield><subfield code="b">Florida</subfield><subfield code="c">Pensacola</subfield><subfield code="d">Fort Pickens.</subfield></datafield><datafield ind1="1" ind2=" " tag="029"><subfield code="a">AU@</subfield><subfield code="b">000025818147</subfield></datafield></record>